@BOOK{book,
   author = {David B. Kirk and Wen-mei W. Hwu},
   title = {Programming on Massively Parallel Processors},
   year = {2010}
}

@ARTICLE{turbo,
   author = {Wook-Shin Han and Jinsoo Lee and Jeong-Hoon Lee},
   title = {$Turbo_{ISO}$: Towards UltraFast and Robust Subgraph Isomorphism Search in Large Graph Databases},
   journal = {Proceedings of the 2013 ACM SIGMOD International Conference on Management of Data},
   pages = {337-348},
   year = {2013}
}

@ARTICLE{gaddi,
   author = {Shijie Zhang, Shirong Li and Jiong Yang},
   title = {GADDI: Distance Index based Subgraph Matching in Biological Networks},
   journal = {Proceedings of the 12th International Conference on Extending Database Technology: Advances in Database Technology },
   pages = {192-203},
   year = {2009}
}

@ARTICLE{comparision,
   author = {Jinsoo Lee, Wook-Shin Han, Romans Kasperovics and Jeong-Hoon Lee},
   title = {An In-depth Comparison of Subgraph Isomorphism Algorithms in Graph Databases},
   journal = {Proceedings of the VLDB Endowment},
   pages = {133-144},
   year = {2012}
}

@ARTICLE{ullmann,
   author = {J. R. Ullmann},
   title = {An algorithm for subgraph isomorphism},
   journal = {ACM},
   volume = {23},
   pages = {31-42},
   year = {1976}
}

@ARTICLE{vf2,
   author = {L. P. Cordella, P. Foggia, C. Sansone, and M. Vento.},
   title = {A (sub)graph isomorphism algorithm for matching large graphs.},
   journal = {IEEE PAMI},
   volume = {26},
   pages = {1367-1372},
   year = {2004}
}

@misc{csr,
  author = {Wikipedia},
  title = {Compressed sparse row (CSR, CRS or Yale format)},
  howpublished = "\url{https://en.wikipedia.org/wiki/Sparse_matrix}"
}

@ARTICLE{quicksi,
   author = {H. Shang, Y. Zhang, X. Lin, and J. X. Yu.},
   title = {Taming verification hardness: an efficient algorithm for testing subgraph isomorphism},
   journal = {PVLDB},
   pages = {364-375},
   year = {2008}
}



@misc{chicago,
  author = {KONECT},
  title = {Chicago Transportation},
  howpublished = "\url{http://konect.uni-koblenz.de/networks/tntp-ChicagoRegional}"
}

@misc{hasmtersert,
  author = {KONECT},
  title = {Hamsterster Friendship},
  howpublished = "\url{http://konect.uni-koblenz.de/networks/petster-friendships-hamster}"
}

@misc{powergrid,
  author = {KONECT},
  title = {United States power grid},
  howpublished = "\url{http://konect.uni-koblenz.de/networks/opsahl-powergrid}"
}

@misc{jazz,
  author = {KONECT},
  title = {Jazz Musicians},
  howpublished = "\url{http://konect.uni-koblenz.de/networks/arenas-jazz}"
}